@book{pdr,
	author	= "",
	title	= "HL-LHC Preliminary Design Report",
	publisher= "CERN",
	volume	= "V07",
	year	= "2015",
}

@article{sixtrack,
author = "F. Schmidt",
title = "Single Particle Tracking Code Treating Tranverse Motion with Synchrotron Oscillations in a Symplectic Manner",
journal = "CERN/SL/9456 (AP), 2012",
}

@conference{collimation1,
author = "R.W. Assmann",
title = "Collimators and Beam Absorbers for Cleaning and Machine Protection",
booktitle = "Proceedings of the LHC Project Workshop - Chamonix XIV, Chamonix, France , 261",
year = "2005",
}

@conference{collimation2,
author = "R.W. Assmann",
title = "The Final Collimation System for the {LHC}",
booktitle = "Proc. of the European Particle Accelerator Conference, Edinburgh, Scotland , 986",
year = "2006",
}


@conference{collimation,
author = "G. Robert-Demolaize et al.",
title = "A NEW VERSION OF SIXTRACK WITH COLLIMATION AND APERTURE INTERFACE",
booktitle = "Proceedings CERN-AB-2005-033, PAC-2005-FPAT081",
year = "2005",
}

@conference{beamloss,
author = "S. Redaelli et al.",
title = "{LHC} APERTURE AND COMMISSIONING OF THE COLLIMATION SYSTEM",
booktitle = "Proceedings CERN-AB-2005-033, PAC-2005-FPAT081",
year = "2005",
}

@conference{aperture,
author = "S. Redaelli et al.",
title = "{LHC} APERTURE AND COMMISSIONING OF THE COLLIMATION SYSTEM",
booktitle = "Workshop Chamonix XIV",
year = "2005",
}

@conference{efficiency,
author = "C. Bracco et al.",
title = "SCENARIOS FOR BEAM COMMISSIONING OF THE {LHC} COLLIMATION SYSTEM",
booktitle = "Proceedings of IPAC'07, TUPAN087, Albuquerque, New Mexico, USA",
year = "2007",
}

@phdthesis{chiara,
	author		= "C. Bracco",
	title		= "Commissioning Scenarios and Tests for the
{LHC} Collimation System",
	school		= "EPFL, 2009",
	year		= "2009",

}

@conference{electron,
author = "G. Stancari et al.",
title = "ELECTRON LENSES FOR THE {L}ARGE {H}ADRON {C}OLLIDER",
booktitle = "Proceedings of IPAC'14, TUOBA01, Dresden, Germany",
year = "2014",

}

@misc{website,
title = {{LHC} {Co}llimation {P}roject website},
howpublished = {\url{https://lhc-collimation-project.web.cern.ch/lhc-collimation-project/BeamLossPattern.htm}},
}

@misc{mad_ap,
title = {{D}efining aperture in {MAD-X}},
howpublished = {\url{http://madx.web.cern.ch/madx/madX/doc/usrguide/Introduction/aperture.html}},
}

@misc{github,
title = {{G}it{H}ub repository},
howpublished = {\url{https://github.com/KFubuki/allapert_generator}},
}


